
@String{j-SIAM-J-SCI-COMP = "SIAM Journal on Scientific Computing"}

@techreport{taylor,
  author = "Taylor, L.M. and Flanagan, D.P.",
  title = "Pronto3{D} - {A} Three Dimensional Transient Solid Dynamics Program",
  institution = "Sandia National Laboritories",
  address = "Albuqurque, NM", 
  year = "1989"
}

@techreport{schoof,
  author = "Schoof, L.A. and Yarberry, V.R.",
  title = "EXODUS {II}: A Finite Element Data Model",
  institution = "Sandia National Laboritories",
  address = "Albuqurque, NM", 
  number = "SAND92-2137",
  year = "1996"
}

@manual{netCDF,
  author = "Rew, R.K. and G.P. Davis and S. Emmerson and H. Davies", 
  title = "NetCDF User's Guide for C, An Interface for Data Access", 
  edition = "3rd", 
  month = apr,
  year =  "1997",
}


@manual{FIMESH,
  title = "FIMESH Code",
}

@article{ oddy,
  author = "A. Oddy and J. Goldak and M. McDill and M. Bibby",
  title = "A distortion metric for isoparametric finite elements",
  text = "A. Oddy, J. Goldak, M. McDill, and M. Bibby, A distortion metric for isoparametric
    finite elements, Trans. CSME, No. 38-CSME-32, Accession No. 2161 (1988).",
  journal = "Trans. CSME",
  volume  = "38-CSME-32",
  number = "Accession No. 2161",
  year = "1988" 
}

@article{ parth,
  author = "V. Parthasarathy and C. Graichen and A. Hathaway",
  title = "A Comparison of Tetrahedron Quality Measures",
  journal = "Finite Elements in Analysis and Design", 
  volume = "15",
  pages = "225--261",
  text = "V. N. Parthasarathy, C. M. Graichen, and A. F. Hathaway. A Comparison of
    Tetrahedron Quality Measures. Finite Elements in Analysis and Design, 15:225--261,
    1993.",
  year = "1993" }

@misc{ parthasarathy93comparison,
  author = "V. Parthasarathy and C. Graichen and A. Hathaway",
  title = "A Comparison of Tetrahedron Quality Measures",
  text = "V. N. Parthasarathy, C. M. Graichen, and A. F. Hathaway. A Comparison of
    Tetrahedron Quality Measures. Finite Elements in Analysis and Design, 15:225--261,
    1993.",
  year = "1993" }

@article{ knupp2000,
  author = "P. Knupp",
  title = "Achieving finite element mesh quality via optimization of the 
        {J}acobian matrix norm and associated quantities, {P}art {II} - {A}
        framework for volume mesh optimization and the condition number 
        of the {J}acobian matrix", 
  journal = "Int. J. Numer. Meth. Engng.",
  number = "48",
  pages = "1165--1185.",
  text = "P.Knupp, Achieving finite element mesh quality via optimization of the Jacobian
    matrix norm and associated quantities. Part II - A framework for volume
    mesh optimization and the condition number of the Jacobian matrix, Int.
    J. Numer. Meth. Engng., 48 (2000), pp. 1165-1185.",
  year = "2000" }


@article{knupp2002,
  author =       "Patrick M. Knupp",
  title =        "Algebraic Mesh Quality Metrics",
  journal =      j-SIAM-J-SCI-COMP,
  volume =       "23",
  number =       "1",
  pages =        "193--218",
  month =        jan,
  year =         "2002",
  CODEN =        "SJOCE3",
  ISSN =         "1064-8275 (print), 1095-7197 (electronic)",
  bibdate =      "Wed Jul 25 09:55:55 MDT 2001",
  bibsource =    "http://epubs.siam.org/sam-bin/dbq/toc/SISC/23/1",
  URL =          "http://epubs.siam.org/sam-bin/dbq/article/37149",
  acknowledgement = ack-nhfb,
}

@article{ robinson,
  author = "J. Robinson",
  title = "{CRE} Method of Element Testing and the Jacobian Shape Parameters",
  text = "Robinson, J., CRE Method of Element Testing and the Jacobian Shape Parameters,
    Eng. comp., Vol. 4, 1987, pp. 113 - 18.",
  journal = "Eng. Comput.",
  pages = "113--118",
  volume = "4",
  year = "1987",
}

@book{CRC,
  editor = "Beyer, W.H.",
  title = "CRC Standard Mathematical Tables",
  edition = "27",
  publisher = "CRC Press, Inc.",
  address = "Boca Raton, FL",
  year = "1985",
}


@misc{trolltech,
  howpublished = "http://www.trolltech.com",
  year = "2001",
}
